<?xml version="1.0" encoding="UTF-8"?><record xmlns="http://www.loc.gov/MARC21/slim" xmlns:cinclude="http://apache.org/cocoon/include/1.0" xmlns:zs="http://www.loc.gov/zing/srw/">
  <leader>00790cz  a2200145n  4500</leader>
  <controlfield tag="001">n  89289261 </controlfield>
  <controlfield tag="003">DLC</controlfield>
  <controlfield tag="005">20120804082905.0</controlfield>
  <controlfield tag="008">930128n| acannaab           |a ana      </controlfield>
  <datafield tag="010" ind1=" " ind2=" ">
    <subfield code="a">n  89289261 </subfield>
  </datafield>
  <datafield tag="040" ind1=" " ind2=" ">
    <subfield code="a">DLC</subfield>
    <subfield code="b">eng</subfield>
    <subfield code="c">DLC</subfield>
    <subfield code="d">DLC</subfield>
  </datafield>
  <datafield tag="111" ind1="2" ind2=" ">
    <subfield code="a">UCA/Ministry of Commerce, Industry, and Cooperatives Workshop on Cooperative Export Production Drive</subfield>
    <subfield code="d">(1992 :</subfield>
    <subfield code="c">Kampala, Uganda)</subfield>
  </datafield>
  <datafield tag="411" ind1="2" ind2=" ">
    <subfield code="a">Workshop on Cooperative Export Production Drive, UCA/Ministry of Commerce, Industry, and Cooperatives</subfield>
  </datafield>
  <datafield tag="667" ind1=" " ind2=" ">
    <subfield code="a">THIS 1XX FIELD CANNOT BE USED UNDER RDA UNTIL THIS RECORD HAS BEEN REVIEWED AND/OR UPDATED</subfield>
  </datafield>
  <datafield tag="670" ind1=" " ind2=" ">
    <subfield code="a">Its Proceedings of the UCA/Ministry of Commerce, Industry, and Cooperatives Workshop on Cooperative Export Production Drive, 1992:</subfield>
    <subfield code="b">t.p. (held 4-23-92, Uganda International Conference Centre)</subfield>
  </datafield>
</record>